<record><leader>00000cas a22000007a 4500</leader><controlfield tag="001">15651438</controlfield><controlfield tag="008">870508d19531960inuwr ne      0    0eng d</controlfield><controlfield tag="009">5452</controlfield><datafield ind1=" " ind2=" " tag="010"><subfield code="a">sn 87055802 </subfield></datafield><datafield ind1=" " ind2=" " tag="040"><subfield code="a">NPI</subfield><subfield code="b">eng</subfield><subfield code="c">NPI</subfield><subfield code="d">OCLCQ</subfield></datafield><datafield ind1=" " ind2=" " tag="042"><subfield code="a">msc</subfield></datafield><datafield ind1="0" ind2="4" tag="245"><subfield code="a">The Tolleston herald.</subfield></datafield><datafield ind1=" " ind2=" " tag="260"><subfield code="a">Gary, Ind. :</subfield><subfield code="b">[Leigh S. Plummer],</subfield><subfield code="c">1953-</subfield></datafield><datafield ind1=" " ind2=" " tag="310"><subfield code="a">Weekly</subfield></datafield><datafield ind1="0" ind2=" " tag="362"><subfield code="a">Vol. 22, no. 18 (July 2, 1953)-</subfield></datafield><datafield ind1="1" ind2=" " tag="362"><subfield code="a">Ceased in 1960?</subfield></datafield><datafield ind1=" " ind2=" " tag="515"><subfield code="a">Issues for July 2 and July 9, 1953 both numbered Vol. 22, no. 18.</subfield></datafield><datafield ind1=" " ind2=" " tag="580"><subfield code="a">Also published in other local editions.</subfield></datafield><datafield ind1=" " ind2=" " tag="752"><subfield code="a">United States</subfield><subfield code="b">Indiana</subfield><subfield code="c">Lake</subfield><subfield code="d">Gary.</subfield></datafield><datafield ind1=" " ind2=" " tag="752"><subfield code="a">United States</subfield><subfield code="b">Indiana</subfield><subfield code="c">Lake</subfield><subfield code="d">Tolleston.</subfield></datafield><datafield ind1="1" ind2=" " tag="775"><subfield code="t">Hobart herald</subfield></datafield><datafield ind1="1" ind2=" " tag="775"><subfield code="t">Miller herald</subfield></datafield><datafield ind1="1" ind2=" " tag="775"><subfield code="t">East Gary herald</subfield></datafield><datafield ind1="1" ind2=" " tag="775"><subfield code="t">Suburban herald</subfield></datafield><datafield ind1="1" ind2=" " tag="775"><subfield code="t">Herald (Gary, Ind. : Glen Park ed.)</subfield><subfield code="w">(DLC)sn 87055757</subfield></datafield><datafield ind1="0" ind2="0" tag="780"><subfield code="t">Gary times and Tolleston news</subfield><subfield code="w">(DLC)sn 87055801</subfield></datafield></record>